@InProceedings{univ-poly,
  author =	{Bezem, Marc and Coquand, Thierry and Dybjer, Peter and Escard\'{o}, Mart{\'\i}n},
  title =	{{Type Theory with Explicit Universe Polymorphism}},
  booktitle =	{28th International Conference on Types for Proofs and Programs (TYPES 2022)},
  pages =	{13:1--13:16},
  series =	{Leibniz International Proceedings in Informatics (LIPIcs)},
  ISBN =	{978-3-95977-285-3},
  ISSN =	{1868-8969},
  year =	{2023},
  volume =	{269},
  editor =	{Kesner, Delia and P\'{e}drot, Pierre-Marie},
  publisher =	{Schloss Dagstuhl -- Leibniz-Zentrum f{\"u}r Informatik},
  address =	{Dagstuhl, Germany},
  URL =		{https://arxiv.org/abs/2212.03284},
  URN =		{urn:nbn:de:0030-drops-184564},
  doi =		{10.4230/LIPIcs.TYPES.2022.13}
}

@InProceedings{gen-univ,
  author =	{Kov\'{a}cs, Andr\'{a}s},
  title =	{{Generalized Universe Hierarchies and First-Class Universe Levels}},
  booktitle =	{30th EACSL Annual Conference on Computer Science Logic (CSL 2022)},
  pages =	{28:1--28:17},
  series =	{Leibniz International Proceedings in Informatics (LIPIcs)},
  ISBN =	{978-3-95977-218-1},
  ISSN =	{1868-8969},
  year =	{2022},
  volume =	{216},
  editor =	{Manea, Florin and Simpson, Alex},
  publisher =	{Schloss Dagstuhl -- Leibniz-Zentrum f{\"u}r Informatik},
  address =	{Dagstuhl, Germany},
  URL =		{https://arxiv.org/abs/2103.00223},
  URN =		{urn:nbn:de:0030-drops-157485},
  doi =		{10.4230/LIPIcs.CSL.2022.28}
}

@article{takahashi,
  title = {{Parallel Reductions in $\lambda$-Calculus}},
  journal = {Information and Computation},
  volume = {118},
  number = {1},
  pages = {120--127},
  year = {1995},
  issn = {0890-5401},
  doi = {https://doi.org/10.1006/inco.1995.1057},
  author = {Takahashi, Masako}
}

@misc{lr-pearl,
  author = {Liu, Yiyun and Chan, Jonathan and Weirich, Stephanie},
  title  = {{Functional Pearl: Short and Mechanized Logical Relation for Dependent Type Theories}},
  year   = {2025},
  url    = {https://github.com/yiyunliu/mltt-consistency/},
  note   = {{Proof pearl under submission}}
}

@InProceedings{mech-nuprl,
  author    = {Anand, Abhishek and Rahli, Vincent},
  editor    = {Klein, Gerwin and Gamboa, Ruben},
  title     = {Towards a Formally Verified Proof Assistant},
  booktitle = {Interactive Theorem Proving},
  year      = {2014},
  publisher = {Springer International Publishing},
  address   = {Cham},
  pages     = {27--44},
  isbn      = {978-3-319-08970-6}
}